{
  "milk": [
    {
        "Date": "8/1/2012", 
        "Revenue": 1626729.16, 
        "Cost": 366772.52 
    },
    {
        "Date": "8/2/2012", 
        "Revenue": 1841608.8, 
        "Cost": 375835.12 
    },
    {
        "Date": "8/3/2012", 
        "Revenue": 1713023, 
        "Cost": 384749.98 
    },
    {
        "Date": "8/4/2012", 
        "Revenue": 1892527.9, 
        "Cost": 326844.82 
    },
    {
        "Date": "8/5/2012", 
        "Revenue": 1764095.35, 
        "Cost": 336531.04 
    },
    {
        "Date": "8/6/2012", 
        "Revenue": 1868588.15, 
        "Cost": 339245.60
    },
    {
        "Date": "8/7/2012", 
        "Revenue": 1875621.35, 
        "Cost": 308628.31
    },
    {
        "Date": "8/8/2012", 
        "Revenue": 1869014.14, 
        "Cost": 326940.1 
    },
    {
        "Date": "8/9/2012", 
        "Revenue": 1964047.35, 
        "Cost": 306729.84 
    },
    {
        "Date": "8/10/2012", 
        "Revenue": 1732345.2, 
        "Cost": 355539.2 
    },
    {
        "Date": "8/11/2012", 
        "Revenue": 1953611.5, 
        "Cost": 332014.78 
    },
    {
        "Date": "8/15/2012", 
        "Revenue": 1785601.64, 
        "Cost": 386275.55 
    },
    {
        "Date": "8/16/2012", 
        "Revenue": 2003361.1, 
        "Cost": 332584.12 
    },
    {
        "Date": "8/17/2012", 
        "Revenue": 2087758.85, 
        "Cost": 378100.85 
    },
    {
        "Date": "8/18/2012", 
        "Revenue": 1879235.86, 
        "Cost": 332490.55 
    },
    {
        "Date": "8/19/2012", 
        "Revenue": 1911558.29, 
        "Cost": 314992.55 
    },
    {
        "Date": "8/20/2012", 
        "Revenue": 2012244.73, 
        "Cost": 365216.48 
    },
    {
        "Date": "8/21/2012", 
        "Revenue": 2187121.03, 
        "Cost": 354012.61 
    },
    {
        "Date": "8/22/2012", 
        "Revenue": 2064823.95, 
        "Cost": 318761.85 
    },
    {
        "Date": "8/23/2012", 
        "Revenue": 2137964.74, 
        "Cost": 360897.89 
    },
    {
        "Date": "8/24/2012", 
        "Revenue": 2242895.08, 
        "Cost": 304927.33 
    },
    {
        "Date": "8/25/2012", 
        "Revenue": 2163237.56, 
        "Cost": 356871.42 
    },
    {
        "Date": "8/26/2012", 
        "Revenue": 2188726.70, 
        "Cost": 312979.78 
    },
    {
        "Date": "8/27/2012", 
        "Revenue": 2046034.49, 
        "Cost": 337447.14 
    },
    {
        "Date": "8/28/2012", 
        "Revenue": 2279956.98, 
        "Cost": 339620.44 
    },
    {
        "Date": "8/29/2012", 
        "Revenue": 2239916.61, 
        "Cost": 370112.45 
    },
    {
        "Date": "8/30/2012", 
        "Revenue": 2314169.39, 
        "Cost": 341858.88 
    },
    {
        "Date": "8/31/2012", 
        "Revenue": 2289118.24, 
        "Cost": 309181.73 
    },
    {
        "Date": "9/1/2012", 
        "Revenue": 2267584.76, 
        "Cost": 307484.35 
    },
    {
        "Date": "9/2/2012", 
        "Revenue": 2330999.68, 
        "Cost": 326619.59 
    },
    {
        "Date": "9/3/2012", 
        "Revenue": 2499376.43, 
        "Cost": 313393.54 
    },
    {
        "Date": "9/4/2012", 
        "Revenue": 2502585.01, 
        "Cost": 286817.05 
    },
    {
        "Date": "9/5/2012", 
        "Revenue": 2306868.53, 
        "Cost": 302260.38 
    },
    {
        "Date": "9/6/2012", 
        "Revenue": 2358397.49, 
        "Cost": 325590.49 
    },
    {
        "Date": "9/7/2012", 
        "Revenue": 2336691.37, 
        "Cost": 365610.33 
    },
    {
        "Date": "9/8/2012", 
        "Revenue": 2220575.39, 
        "Cost": 375246.95 
    },
    {
        "Date": "9/9/2012", 
        "Revenue": 2291618.89, 
        "Cost": 354178.55 
    },
    {
        "Date": "9/10/2012", 
        "Revenue": 2111873.1, 
        "Cost": 367306.53 
    },
    {
        "Date": "9/11/2012", 
        "Revenue": 2222294.33, 
        "Cost": 346855.45 
    },
    {
        "Date": "9/12/2012", 
        "Revenue": 2171350.8, 
        "Cost": 335387.51 
    },
    {
        "Date": "9/13/2012", 
        "Revenue": 2338275.21, 
        "Cost": 352848.59 
    },
    {
        "Date": "9/14/2012", 
        "Revenue": 2128465.28, 
        "Cost": 356231.13 
    },
    {
        "Date": "9/15/2012", 
        "Revenue": 2272262.61, 
        "Cost": 362522.87 
    },
    {
        "Date": "9/16/2012", 
        "Revenue": 2227788.8, 
        "Cost": 358616.5 
    },
    {
        "Date": "9/17/2012", 
        "Revenue": 2303956.51, 
        "Cost": 405980.77 
    },
    {
        "Date": "9/18/2012", 
        "Revenue": 2268878.66, 
        "Cost": 417996.94 
    },
    {
        "Date": "9/19/2012", 
        "Revenue": 2426513.95, 
        "Cost": 383871.18 
    },
    {
        "Date": "9/20/2012", 
        "Revenue": 2420488.25, 
        "Cost": 445844.65 
    },
    {
        "Date": "9/21/2012", 
        "Revenue": 2387238.39, 
        "Cost": 425443.2 
    },
    {
        "Date": "9/22/2012", 
        "Revenue": 2309656.66, 
        "Cost": 446483.86 
    },
    {
        "Date": "9/23/2012", 
        "Revenue": 2401933.18, 
        "Cost": 437661.43 
    },
    {
        "Date": "9/24/2012", 
        "Revenue": 2450541.95, 
        "Cost": 379670.07 
    },
    {
        "Date": "9/25/2012", 
        "Revenue": 2333816.15, 
        "Cost": 412272.67 
    },
    {
        "Date": "9/26/2012", 
        "Revenue": 2335288.72, 
        "Cost": 430777.66 
    },
    {
        "Date": "9/27/2012", 
        "Revenue": 2391095.49, 
        "Cost": 423496.4 
    },
    {
        "Date": "9/28/2012", 
        "Revenue": 2257463.15, 
        "Cost": 427664.07 
    },
    {
        "Date": "9/29/2012", 
        "Revenue": 2253548.57, 
        "Cost": 445521.47 
    },
    {
        "Date": "9/30/2012", 
        "Revenue": 2229977.37, 
        "Cost": 453539.61 
    },
    {
        "Date": "10/1/2012", 
        "Revenue": 2225180.3, 
        "Cost": 438365.09 
    },
    {
        "Date": "10/2/2012", 
        "Revenue": 2252332.6, 
        "Cost": 441546.4 
    },
    {
        "Date": "10/3/2012", 
        "Revenue": 2139193.74, 
        "Cost": 418866.54 
    },
    {
        "Date": "10/4/2012", 
        "Revenue": 2167010.84, 
        "Cost": 397479.97 
    },
    {
        "Date": "10/5/2012", 
        "Revenue": 2283594.86, 
        "Cost": 457126.93 
    },
    {
        "Date": "10/6/2012", 
        "Revenue": 2297760.75, 
        "Cost": 464027.38 
    },
    {
        "Date": "10/7/2012", 
        "Revenue": 2122419.94, 
        "Cost": 509348.78 
    },
    {
        "Date": "10/8/2012", 
        "Revenue": 2158040.15, 
        "Cost": 516148.45 
    },
    {
        "Date": "10/9/2012", 
        "Revenue": 2094223.86, 
        "Cost": 462731.62 
    },
    {
        "Date": "10/10/2012", 
        "Revenue": 2306731.35, 
        "Cost": 485326.4 
    },
    {
        "Date": "10/11/2012", 
        "Revenue": 2147866.56, 
        "Cost": 527199.24 
    },
    {
        "Date": "10/12/2012", 
        "Revenue": 2039657.64, 
        "Cost": 526766.45 
    },
    {
        "Date": "10/13/2012", 
        "Revenue": 2106338.17, 
        "Cost": 500311.69 
    },
    {
        "Date": "10/14/2012", 
        "Revenue": 2010498.16, 
        "Cost": 483864.12 
    },
    {
        "Date": "10/15/2012", 
        "Revenue": 2330714.57, 
        "Cost": 547660.3 
    },
    {
        "Date": "10/16/2012", 
        "Revenue": 2442433.29, 
        "Cost": 535796.05 
    },
    {
        "Date": "10/17/2012", 
        "Revenue": 2442541.264, 
        "Cost": 570511.66 
    },
    {
        "Date": "10/18/2012", 
        "Revenue": 2452638.1, 
        "Cost": 544959.01 
    },
    {
        "Date": "10/19/2012", 
        "Revenue": 2436081.95, 
        "Cost": 547823.4 
    },
    {
        "Date": "10/20/2012", 
        "Revenue": 2482572.34, 
        "Cost": 541482.88 
    },
    {
        "Date": "10/21/2012", 
        "Revenue": 2502012.04, 
        "Cost": 530587.26 
    },
    {
        "Date": "10/22/2012", 
        "Revenue": 2404439.88, 
        "Cost": 527423.2 
    },
    {
        "Date": "10/23/2012", 
        "Revenue": 2476750.75, 
        "Cost": 591530.66 
    },
    {
        "Date": "10/24/2012", 
        "Revenue": 2478203.65, 
        "Cost": 552237.75 
    },
    {
        "Date": "10/25/2012", 
        "Revenue": 2301954.95, 
        "Cost": 545639.3
    },
    {
        "Date": "10/26/2012", 
        "Revenue": 2247547.84, 
        "Cost": 522825.34 
    },
    {
        "Date": "10/27/2012", 
        "Revenue": 2216828.95, 
        "Cost": 616190.04 
    },
    {
        "Date": "10/28/2012", 
        "Revenue": 2324038.53, 
        "Cost": 617234.05 
    },
    {
        "Date": "10/29/2012", 
        "Revenue": 2237142.24, 
        "Cost": 589655.64 
    },
    {
        "Date": "10/30/2012", 
        "Revenue": 2456361.14, 
        "Cost": 604017.23 
    },
    {
        "Date": "10/31/2012", 
        "Revenue": 2412813.95, 
        "Cost": 546377.26
    },
    {
        "Date": "11/1/2012", 
        "Revenue": 2495182.02, 
        "Cost": 573808.65 
    },
    {
        "Date": "11/2/2012", 
        "Revenue": 2389422.16, 
        "Cost": 585256.43 
    },
    {
        "Date": "11/3/2012", 
        "Revenue": 2539314.74, 
        "Cost": 625923.9 
    },
    {
        "Date": "11/4/2012", 
        "Revenue": 2585345.45, 
        "Cost": 585780.18 
    },
    {
        "Date": "11/5/2012", 
        "Revenue": 2559833.45, 
        "Cost": 565231.15 
    },
    {
        "Date": "11/6/2012", 
        "Revenue": 2538964.93, 
        "Cost": 610923.05 
    },
    {
        "Date": "11/7/2012", 
        "Revenue": 2529650.77, 
        "Cost": 573212.59 
    },
    {
        "Date": "11/8/2012", 
        "Revenue": 2573740.95, 
        "Cost": 559594.05 
    },
    {
        "Date": "11/9/2012", 
        "Revenue": 2526010.25, 
        "Cost": 552107.68 
    },
    {
        "Date": "11/10/2012", 
        "Revenue": 2501669.46, 
        "Cost": 618598.03 
    },
    {
        "Date": "11/11/2012", 
        "Revenue": 2680014.95, 
        "Cost": 631581.18 
    },
    {
        "Date": "11/12/2012", 
        "Revenue": 2524177.14, 
        "Cost": 624326.18 
    },
    {
        "Date": "11/13/2012", 
        "Revenue": 2550720.35, 
        "Cost": 676253.05 
    },
    {
        "Date": "11/14/2012", 
        "Revenue": 2529843.6, 
        "Cost": 682315.64 
    },
    {
        "Date": "11/15/2012", 
        "Revenue": 2579186.61, 
        "Cost": 629736.09 
    },
    {
        "Date": "11/16/2012", 
        "Revenue": 2684697.32, 
        "Cost": 659847.28
    },
    {
        "Date": "11/17/2012", 
        "Revenue": 2607336.25, 
        "Cost": 675534.95 
    },
    {
        "Date": "11/18/2012", 
        "Revenue": 2601131.78, 
        "Cost": 706349.67 
    },
    {
        "Date": "11/19/2012", 
        "Revenue": 2733779.48, 
        "Cost": 710212.96 
    },
    {
        "Date": "11/20/2012", 
        "Revenue": 2623739.65, 
        "Cost": 670901.02 
    },
    {
        "Date": "11/21/2012", 
        "Revenue": 2640820.37, 
        "Cost": 701128.34 
    },
    {
        "Date": "11/22/2012", 
        "Revenue": 2681772.16, 
        "Cost": 716424.72 
    },
    {
        "Date": "11/23/2012", 
        "Revenue": 2768462.55, 
        "Cost": 706207.91 
    },
    {
        "Date": "11/24/2012", 
        "Revenue": 2724002.03, 
        "Cost": 721596.26 
    },
    {
        "Date": "11/25/2012", 
        "Revenue": 2709241.65, 
        "Cost": 699584.76 
    },
    {
        "Date": "11/26/2012", 
        "Revenue": 2703227.43, 
        "Cost": 714594.17 
    },
    {
        "Date": "11/27/2012", 
        "Revenue": 2703175.62, 
        "Cost": 710850.28 
    },
    {
        "Date": "11/28/2012", 
        "Revenue": 2810463.65, 
        "Cost": 724302.35 
    },
    {
        "Date": "11/29/2012", 
        "Revenue": 2819978.13, 
        "Cost": 717570.15 
    },
    {
        "Date": "11/30/2012", 
        "Revenue": 2887360.92, 
        "Cost": 714121.25 
    },
    {
        "Date": "12/1/2012", 
        "Revenue": 2896478.46, 
        "Cost": 680713.55 
    },
    {
        "Date": "12/2/2012", 
        "Revenue": 2841963.91, 
        "Cost": 705117.99 
    },
    {
        "Date": "12/3/2012", 
        "Revenue": 2920417.75, 
        "Cost": 709882.85 
    },
    {
        "Date": "12/4/2012", 
        "Revenue": 2951857.55, 
        "Cost": 710681.46 
    },
    {
        "Date": "12/5/2012", 
        "Revenue": 2953866.34, 
        "Cost": 728076.56 
    },
    {
        "Date": "12/6/2012", 
        "Revenue": 2950435.2, 
        "Cost": 743573.05 
    },
    {
        "Date": "12/7/2012", 
        "Revenue": 3075817.95, 
        "Cost": 789214.95 
    },
    {
        "Date": "12/8/2012", 
        "Revenue": 2915262.06, 
        "Cost": 792931.57 
    },
    {
        "Date": "12/9/2012", 
        "Revenue": 3050342.63, 
        "Cost": 792410.35 
    },
    {
        "Date": "12/10/2012", 
        "Revenue": 3037529.07, 
        "Cost": 813693.35 
    },
    {
        "Date": "12/11/2012", 
        "Revenue": 3083431.05, 
        "Cost": 805790.64 
    },
    {
        "Date": "12/12/2012", 
        "Revenue": 3099545.55, 
        "Cost": 812587.06 
    },
    {
        "Date": "12/13/2012", 
        "Revenue": 2995236.64, 
        "Cost": 826705.9 
    },
    {
        "Date": "12/14/2012", 
        "Revenue": 3025067.04, 
        "Cost": 818021.93 
    },
    {
        "Date": "12/15/2012", 
        "Revenue": 3009541.96, 
        "Cost": 851104.15 
    },
    {
        "Date": "12/16/2012", 
        "Revenue": 3036759.11, 
        "Cost": 896249.25
    },
    {
        "Date": "12/17/2012", 
        "Revenue": 3140368.7, 
        "Cost": 902304.7 
    },
    {
        "Date": "12/18/2012", 
        "Revenue": 3123547.77, 
        "Cost": 926158.25 
    },
    {
        "Date": "12/19/2012", 
        "Revenue": 3198953.3, 
        "Cost": 904531.07 
    },
    {
        "Date": "12/20/2012", 
        "Revenue": 3184207.65, 
        "Cost": 920651.75 
    },
    {
        "Date": "12/21/2012", 
        "Revenue": 3135443.75, 
        "Cost": 959335.05 
    },
    {
        "Date": "12/22/2012", 
        "Revenue": 3251452.95, 
        "Cost": 978700.14 
    },
    {
        "Date": "12/23/2012", 
        "Revenue": 3389202.28, 
        "Cost": 954298.45 
    },
    {
        "Date": "12/24/2012", 
        "Revenue": 3526567.46, 
        "Cost": 992957.04 
    },
    {
        "Date": "12/25/2012", 
        "Revenue": 3592077.465, 
        "Cost": 965631.82 
    },
    {
        "Date": "12/26/2012", 
        "Revenue": 3242847.64, 
        "Cost": 1023445.45 
    },
    {
        "Date": "12/27/2012", 
        "Revenue": 3153299.25, 
        "Cost": 1194032.62 
    },
    {
        "Date": "12/28/2012", 
        "Revenue": 3184613.72, 
        "Cost": 1118748.33 
    },
    {
        "Date": "12/29/2012", 
        "Revenue": 3082139.01, 
        "Cost": 1224396.22
    },
    {
        "Date": "12/30/2012", 
        "Revenue": 2987569.93, 
        "Cost": 1272863.97
    },
    {
        "Date": "12/31/2012", 
        "Revenue": 3146946.03, 
        "Cost": 1144135.49 
    },
    {
        "Date": "1/1/2013", 
        "Revenue": 3230392.92, 
        "Cost": 1267099.59 
    },
    {
        "Date": "1/2/2013", 
        "Revenue": 3233524.08, 
        "Cost": 1274320.01 
    },
    {
        "Date": "1/3/2013", 
        "Revenue": 3235093.24, 
        "Cost": 1245418.05 
    },
    {
        "Date": "1/4/2013", 
        "Revenue": 3251657.04, 
        "Cost": 1239441.86 
    },
    {
        "Date": "1/5/2013", 
        "Revenue": 3202039.73, 
        "Cost": 1237474.96 
    },
    {
        "Date": "1/6/2013", 
        "Revenue": 3188478.71, 
        "Cost": 1139441.19 
    },
    {
        "Date": "1/7/2013", 
        "Revenue": 3005105.21, 
        "Cost": 1155841.37 
    },
    {
        "Date": "1/8/2013", 
        "Revenue": 2959242.84, 
        "Cost": 1248885.11 
    },
    {
        "Date": "1/9/2013", 
        "Revenue": 2889469, 
        "Cost": 1268303.03 
    },
    {
        "Date": "1/10/2013", 
        "Revenue": 2804443.98, 
        "Cost": 1160890.43 
    },
    {
        "Date": "1/11/2013", 
        "Revenue": 2961614.58, 
        "Cost": 1193218.94 
    },
    {
        "Date": "1/12/2013", 
        "Revenue": 3027247.58, 
        "Cost": 1194285.82 
    },
    {
        "Date": "1/13/2013", 
        "Revenue": 3027585.26, 
        "Cost": 1042775.97 
    },
    {
        "Date": "1/14/2013", 
        "Revenue": 3059025.81, 
        "Cost": 1041556.42 
    },
    {
        "Date": "1/15/2013", 
        "Revenue": 2913261.9, 
        "Cost": 1005148.14 
    },
    {
        "Date": "1/16/2013", 
        "Revenue": 2979521.23, 
        "Cost": 948971.56 
    },
    {
        "Date": "1/17/2013", 
        "Revenue": 2890051.69, 
        "Cost": 984084.19
    },
    {
        "Date": "1/18/2013", 
        "Revenue": 3086600.69, 
        "Cost": 938571.55 
    },
    {
        "Date": "1/19/2013", 
        "Revenue": 3110458.11, 
        "Cost": 986800.87 
    },
    {
        "Date": "1/20/2013", 
        "Revenue": 3133151.71, 
        "Cost": 1017100.33 
    },
    {
        "Date": "1/21/2013", 
        "Revenue": 3190113.5, 
        "Cost": 1027636.99 
    },
    {
        "Date": "1/22/2013", 
        "Revenue": 3217613.98, 
        "Cost": 1132591.59 
    },
    {
        "Date": "1/23/2013", 
        "Revenue": 3171883.45, 
        "Cost": 1184669.12 
    },
    {
        "Date": "1/24/2013", 
        "Revenue": 3186606.47, 
        "Cost": 1168240.69 
    },
    {
        "Date": "1/25/2013", 
        "Revenue": 3160786.33, 
        "Cost": 1186957.83 
    },
    {
        "Date": "1/26/2013", 
        "Revenue": 3128786.49, 
        "Cost": 1156514.62 
    },
    {
        "Date": "1/27/2013", 
        "Revenue": 3224081.4, 
        "Cost": 1129166.48 
    },
    {
        "Date": "1/28/2013", 
        "Revenue": 3170509.24, 
        "Cost": 1115050.16 
    },
    {
        "Date": "1/29/2013", 
        "Revenue": 3169348.04, 
        "Cost": 1079725.2 
    },
    {
        "Date": "1/30/2013", 
        "Revenue": 3226046.13, 
        "Cost": 1169499.97 
    },
    {
        "Date": "1/31/2013", 
        "Revenue": 3203889.08, 
        "Cost": 1202838.19 
    },
    {
        "Date": "2/1/2013", 
        "Revenue": 3228190.71, 
        "Cost": 1233062.09 
    },
    {
        "Date": "2/2/2013", 
        "Revenue": 3237176.31, 
        "Cost": 1278491.21 
    },
    {
        "Date": "2/3/2013", 
        "Revenue": 3251242.7, 
        "Cost": 1217256.63 
    },
    {
        "Date": "2/4/2013", 
        "Revenue": 3138028.28, 
        "Cost": 1253880.29 
    },
    {
        "Date": "2/5/2013", 
        "Revenue": 3128094.70, 
        "Cost": 1213459.69 
    },
    {
        "Date": "2/6/2013", 
        "Revenue": 3264690.4, 
        "Cost": 1211078.45 
    },
    {
        "Date": "2/7/2013", 
        "Revenue": 3207223, 
        "Cost": 1264029.56 
    },
    {
        "Date": "2/8/2013", 
        "Revenue": 3244508.33, 
        "Cost": 1183264.07 
    },
    {
        "Date": "2/9/2013", 
        "Revenue": 3296808.71, 
        "Cost": 1267182.95 
    },
    {
        "Date": "2/10/2013", 
        "Revenue": 3128828, 
        "Cost": 1207037.83 
    },
    {
        "Date": "2/11/2013", 
        "Revenue": 3171203.29, 
        "Cost": 1172551.17 
    },
    {
        "Date": "2/12/2013", 
        "Revenue": 3306722.2, 
        "Cost": 1165168.24 
    },
    {
        "Date": "2/13/2013", 
        "Revenue": 3575517.71, 
        "Cost": 1256201.71 
    },
    {
        "Date": "2/14/2013", 
        "Revenue": 3558471.72, 
        "Cost": 1264981.11 
    },
    {
        "Date": "2/15/2013", 
        "Revenue": 3423116.59, 
        "Cost": 1329985.17 
    },
    {
        "Date": "2/16/2013", 
        "Revenue": 3524489.4, 
        "Cost": 1330432.96 
    },
    {
        "Date": "2/17/2013", 
        "Revenue": 3574242.06, 
        "Cost": 1308025.23 
    },
    {
        "Date": "2/18/2013", 
        "Revenue": 3529647.91, 
        "Cost": 1337523.79 
    },
    {
        "Date": "2/19/2013", 
        "Revenue": 3675929.48, 
        "Cost": 1421795.78 
    },
    {
        "Date": "2/20/2013", 
        "Revenue": 3685790.16, 
        "Cost": 1409854.67 
    },
    {
        "Date": "2/21/2013", 
        "Revenue": 3726475.12, 
        "Cost": 1413742.84 
    },
    {
        "Date": "2/22/2013", 
        "Revenue": 3777453.41, 
        "Cost": 1425959.56 
    },
    {
        "Date": "2/23/2013", 
        "Revenue": 3792068.99, 
        "Cost": 1474894.28 
    },
    {
        "Date": "2/24/2013", 
        "Revenue": 3759913.97, 
        "Cost": 1479240.89 
    },
    {
        "Date": "2/25/2013", 
        "Revenue": 3879833.23, 
        "Cost": 1440224.85 
    },
    {
        "Date": "2/26/2013", 
        "Revenue": 3828338.79, 
        "Cost": 1483717.76 
    },
    {
        "Date": "2/27/2013", 
        "Revenue": 3878236.49, 
        "Cost": 1418363.46 
    },
    {
        "Date": "2/28/2013", 
        "Revenue": 3835169.53, 
        "Cost": 1514968.7 
    },
    {
        "Date": "3/1/2013", 
        "Revenue": 3861999.37, 
        "Cost": 1453239.18 
    },
    {
        "Date": "3/2/2013", 
        "Revenue": 3798752.86, 
        "Cost": 1426787.08 
    },
    {
        "Date": "3/3/2013", 
        "Revenue": 3905170.01, 
        "Cost": 1373634.11 
    },
    {
        "Date": "3/4/2013", 
        "Revenue": 3913737.07, 
        "Cost": 1364520.77 
    },
    {
        "Date": "3/5/2013", 
        "Revenue": 3916794.99, 
        "Cost": 1351180.98 
    },
    {
        "Date": "3/6/2013", 
        "Revenue": 3973382.74, 
        "Cost": 1331220.67 
    },
    {
        "Date": "3/7/2013", 
        "Revenue": 4041150.78, 
        "Cost": 1450493.83 
    },
    {
        "Date": "3/8/2013", 
        "Revenue": 4083237.79, 
        "Cost": 1408357.11 
    },
    {
        "Date": "3/9/2013", 
        "Revenue": 4023746.2, 
        "Cost": 1434613.06 
    },
    {
        "Date": "3/10/2013", 
        "Revenue": 4144588.67, 
        "Cost": 1493710.93 
    },
    {
        "Date": "3/11/2013", 
        "Revenue": 4242701.6, 
        "Cost": 1470775.03 
    },
    {
        "Date": "3/12/2013", 
        "Revenue": 4276550.43, 
        "Cost": 1325697.19 
    },
    {
        "Date": "3/13/2013", 
        "Revenue": 4156930.57, 
        "Cost": 1312462.26 
    },
    {
        "Date": "3/14/2013", 
        "Revenue": 4244525.23, 
        "Cost": 1385045.74 
    },
    {
        "Date": "3/15/2013", 
        "Revenue": 4355577.67, 
        "Cost": 1317233.01 
    },
    {
        "Date": "3/16/2013", 
        "Revenue": 4207913.02, 
        "Cost": 1311961.54 
    },
    {
        "Date": "3/17/2013", 
        "Revenue": 4137757.32, 
        "Cost": 1395993.88 
    },
    {
        "Date": "3/18/2013", 
        "Revenue": 4153027.83, 
        "Cost": 1367742.36 
    },
    {
        "Date": "3/19/2013", 
        "Revenue": 4040976.45, 
        "Cost": 1391689.31 
    },
    {
        "Date": "3/20/2013", 
        "Revenue": 4174476.78, 
        "Cost": 1390886.4 
    },
    {
        "Date": "3/21/2013", 
        "Revenue": 4019313.21, 
        "Cost": 1392967.72 
    },
    {
        "Date": "3/22/2013", 
        "Revenue": 4203866.36, 
        "Cost": 1415322.86 
    },
    {
        "Date": "3/23/2013", 
        "Revenue": 4201083.9, 
        "Cost": 1459340.15 
    },
    {
        "Date": "3/24/2013", 
        "Revenue": 4267632.3, 
        "Cost": 1424545.34 
    },
    {
        "Date": "3/25/2013", 
        "Revenue": 4370577.45, 
        "Cost": 1461555.32 
    },
    {
        "Date": "3/26/2013", 
        "Revenue": 4382190.99, 
        "Cost": 1516992.8 
    },
    {
        "Date": "3/27/2013", 
        "Revenue": 4214926.3, 
        "Cost": 1455328.15 
    },
    {
        "Date": "3/28/2013", 
        "Revenue": 4207097.14, 
        "Cost": 1491042.94 
    },
    {
        "Date": "3/29/2013", 
        "Revenue": 4159954.74, 
        "Cost": 1507079.22 
    },
    {
        "Date": "3/30/2013", 
        "Revenue": 4150360.6, 
        "Cost": 1576730.18 
    },
    {
        "Date": "3/31/2013", 
        "Revenue": 4104665.21, 
        "Cost": 1583092.8 
    },
    {
        "Date": "4/1/2013", 
        "Revenue": 4278387.48, 
        "Cost": 1537733.08 
    },
    {
        "Date": "4/2/2013", 
        "Revenue": 4334021.68, 
        "Cost": 1594959.94 
    },
    {
        "Date": "4/3/2013", 
        "Revenue": 4367189.72, 
        "Cost": 1514253.87 
    },
    {
        "Date": "4/4/2013", 
        "Revenue": 4395521.55, 
        "Cost": 1508054.76 
    },
    {
        "Date": "4/5/2013", 
        "Revenue": 4344839.88, 
        "Cost": 1518697.56 
    },
    {
        "Date": "4/6/2013", 
        "Revenue": 4216080.25, 
        "Cost": 1532296.9 
    },
    {
        "Date": "4/7/2013", 
        "Revenue": 4288447.72, 
        "Cost": 1625463.25 
    },
    {
        "Date": "4/8/2013", 
        "Revenue": 4113462.77, 
        "Cost": 1570652.8 
    },
    {
        "Date": "4/9/2013", 
        "Revenue": 4195733.13, 
        "Cost": 1654398.49 
    },
    {
        "Date": "4/10/2013", 
        "Revenue": 4179315.29, 
        "Cost": 1653532.91 
    },
    {
        "Date": "4/11/2013", 
        "Revenue": 4212676.34, 
        "Cost": 1600623.39 
    },
    {
        "Date": "4/12/2013", 
        "Revenue": 4284163.51, 
        "Cost": 1639773.57 
    },
    {
        "Date": "4/13/2013", 
        "Revenue": 4386735.11, 
        "Cost": 1625229.07 
    },
    {
        "Date": "4/14/2013", 
        "Revenue": 4383185.09, 
        "Cost": 1670657.85 
    },
    {
        "Date": "4/15/2013", 
        "Revenue": 4306353.16, 
        "Cost": 1626279.14 
    },
    {
        "Date": "4/16/2013", 
        "Revenue": 4352638.12, 
        "Cost": 1644959.01 
    },
    {
        "Date": "4/17/2013", 
        "Revenue": 4402404.3, 
        "Cost": 1695163.23 
    },
    {
        "Date": "4/18/2013", 
        "Revenue": 4432246.2, 
        "Cost": 1630689.84 
    },
    {
        "Date": "4/19/2013", 
        "Revenue": 4505030.1, 
        "Cost": 1576468.15 
    },
    {
        "Date": "4/20/2013", 
        "Revenue": 4508879.76, 
        "Cost": 1664846.41 
    },
    {
        "Date": "4/21/2013", 
        "Revenue": 4553501.45, 
        "Cost": 1683061.32 
    },
    {
        "Date": "4/22/2013", 
        "Revenue": 4556407.35, 
        "Cost": 1604475.43 
    },
    {
        "Date": "4/23/2013", 
        "Revenue": 4603909.83, 
        "Cost": 1691278.68 
    },
    {
        "Date": "4/24/2013", 
        "Revenue": 4595095.64, 
        "Cost": 1645650.68 
    },
    {
        "Date": "4/25/2013", 
        "Revenue": 4533657.87, 
        "Cost": 1632380.08 
    },
    {
        "Date": "4/26/2013", 
        "Revenue": 4548077.03, 
        "Cost": 1634468.17 
    },
    {
        "Date": "4/27/2013", 
        "Revenue": 4574284.48, 
        "Cost": 1679311.29 
    },
    {
        "Date": "4/28/2013", 
        "Revenue": 4412722.28, 
        "Cost": 1608034.46 
    },
    {
        "Date": "4/29/2013", 
        "Revenue": 4425627.99, 
        "Cost": 1592754.53 
    },
    {
        "Date": "4/30/2013", 
        "Revenue": 4390364.05, 
        "Cost": 1547617.37 
    },
    {
        "Date": "5/1/2013", 
        "Revenue": 4378844.38, 
        "Cost": 1570512.86 
    },
    {
        "Date": "5/2/2013", 
        "Revenue": 4278629.51, 
        "Cost": 1551847.8 
    },
    {
        "Date": "5/3/2013", 
        "Revenue": 4470690.85, 
        "Cost": 1571560.37 
    },
    {
        "Date": "5/4/2013", 
        "Revenue": 4419666.97, 
        "Cost": 1530462.63 
    },
    {
        "Date": "5/5/2013", 
        "Revenue": 4377929.86, 
        "Cost": 1621846.11 
    },
    {
        "Date": "5/6/2013", 
        "Revenue": 4359301.54, 
        "Cost": 1646425.19 
    },
    {
        "Date": "5/7/2013", 
        "Revenue": 4247481.89, 
        "Cost": 1619188.03 
    },
    {
        "Date": "5/8/2013", 
        "Revenue": 4152020.55, 
        "Cost": 1604215.36 
    },
    {
        "Date": "5/9/2013", 
        "Revenue": 4303338.92, 
        "Cost": 1637196.06 
    },
    {
        "Date": "5/10/2013", 
        "Revenue": 4360029.9, 
        "Cost": 1663162.36 
    },
    {
        "Date": "5/11/2013", 
        "Revenue": 4248354.29, 
        "Cost": 1648652.36 
    },
    {
        "Date": "5/12/2013", 
        "Revenue": 4101440.77, 
        "Cost": 1652506.13 
    },
    {
        "Date": "5/13/2013", 
        "Revenue": 4259687.2, 
        "Cost": 1664631.28 
    },
    {
        "Date": "5/14/2013", 
        "Revenue": 4158373.22, 
        "Cost": 1659472.18 
    },
    {
        "Date": "5/15/2013", 
        "Revenue": 4169394.66, 
        "Cost": 1699694.57 
    },
    {
        "Date": "5/16/2013", 
        "Revenue": 4114672.47, 
        "Cost": 1651069.9 
    },
    {
        "Date": "5/17/2013", 
        "Revenue": 4102263.56, 
        "Cost": 1612699.35 
    },
    {
        "Date": "5/18/2013", 
        "Revenue": 4045931.36, 
        "Cost": 1634043.2 
    },
    {
        "Date": "5/19/2013", 
        "Revenue": 4047479.25, 
        "Cost": 1641802.05 
    },
    {
        "Date": "5/20/2013", 
        "Revenue": 3969401.16, 
        "Cost": 1670427.78 
    },
    {
        "Date": "5/21/2013", 
        "Revenue": 3963544.2, 
        "Cost": 1632849.44 
    },
    {
        "Date": "5/22/2013", 
        "Revenue": 3936925.15, 
        "Cost": 1612415.82 
    },
    {
        "Date": "5/23/2013", 
        "Revenue": 3846673.51, 
        "Cost": 1605320.87 
    },
    {
        "Date": "5/24/2013", 
        "Revenue": 3918483.35, 
        "Cost": 1599169.52 
    },
    {
        "Date": "5/25/2013", 
        "Revenue": 3906454.86, 
        "Cost": 1569188.34 
    },
    {
        "Date": "5/26/2013", 
        "Revenue": 3843918.94, 
        "Cost": 1602834.06 
    },
    {
        "Date": "5/27/2013", 
        "Revenue": 3800927.24, 
        "Cost": 1648604.67 
    },
    {
        "Date": "5/28/2013", 
        "Revenue": 3839956.23, 
        "Cost": 1635140.35 
    },
    {
        "Date": "5/29/2013", 
        "Revenue": 3874721.9, 
        "Cost": 1608242.5 
    },
    {
        "Date": "5/30/2013", 
        "Revenue": 3892956.92, 
        "Cost": 1661427.09 
    },
    {
        "Date": "5/31/2013", 
        "Revenue": 3883927.82, 
        "Cost": 1610235.98 
    },
    {
        "Date": "6/1/2013", 
        "Revenue": 3840835.51, 
        "Cost": 1619765.63 
    },
    {
        "Date": "6/2/2013", 
        "Revenue": 3803715.03, 
        "Cost": 1621362.93 
    },
    {
        "Date": "6/3/2013", 
        "Revenue": 3807732.69, 
        "Cost": 1656153.12 
    },
    {
        "Date": "6/4/2013", 
        "Revenue": 3800870.4, 
        "Cost": 1607146.15 
    },
    {
        "Date": "6/5/2013", 
        "Revenue": 3751635.84, 
        "Cost": 1618429.91 
    },
    {
        "Date": "6/6/2013", 
        "Revenue": 3730524.12, 
        "Cost": 1625863.14 
    },
    {
        "Date": "6/7/2013", 
        "Revenue": 3700685.31, 
        "Cost": 1624820.63 
    },
    {
        "Date": "6/8/2013", 
        "Revenue": 3675058.1, 
        "Cost": 1577386.63 
    },
    {
        "Date": "6/9/2013", 
        "Revenue": 3678103.35, 
        "Cost": 1552635.47 
    },
    {
        "Date": "6/10/2013", 
        "Revenue": 3699091.17, 
        "Cost": 1525174.12 
    },
    {
        "Date": "6/11/2013", 
        "Revenue": 3538825.56, 
        "Cost": 1525701.53 
    },
    {
        "Date": "6/12/2013", 
        "Revenue": 3553949.33, 
        "Cost": 1596956.82 
    },
    {
        "Date": "6/13/2013", 
        "Revenue": 3606987.64, 
        "Cost": 1647852.91 
    },
    {
        "Date": "6/14/2013", 
        "Revenue": 3625783.31, 
        "Cost": 1717306.54 
    },
    {
        "Date": "6/15/2013", 
        "Revenue": 3639028.77, 
        "Cost": 1736622.62 
    },
    {
        "Date": "6/16/2013", 
        "Revenue": 3659304.17, 
        "Cost": 1778705 
    },
    {
        "Date": "6/17/2013", 
        "Revenue": 3698389.75, 
        "Cost": 1799278.57 
    },
    {
        "Date": "6/18/2013", 
        "Revenue": 3783396.39, 
        "Cost": 1877925.83 
    },
    {
        "Date": "6/19/2013", 
        "Revenue": 3722990.45, 
        "Cost": 1891284.75 
    },
    {
        "Date": "6/20/2013", 
        "Revenue": 3617619.97, 
        "Cost": 1836461.76 
    },
    {
        "Date": "6/21/2013", 
        "Revenue": 3675695.82, 
        "Cost": 1860459.15 
    },
    {
        "Date": "6/22/2013", 
        "Revenue": 3787026.87, 
        "Cost": 1881472.38 
    },
    {
        "Date": "6/23/2013", 
        "Revenue": 3780119.17, 
        "Cost": 1870202.8 
    },
    {
        "Date": "6/24/2013", 
        "Revenue": 3765919.53, 
        "Cost": 1882223.7 
    },
    {
        "Date": "6/25/2013", 
        "Revenue": 3705075.73, 
        "Cost": 1821588.65 
    },
    {
        "Date": "6/26/2013", 
        "Revenue": 3737867.28, 
        "Cost": 1844228.2 
    },
    {
        "Date": "6/27/2013", 
        "Revenue": 3764829.25, 
        "Cost": 1806763.43 
    },
    {
        "Date": "6/28/2013", 
        "Revenue": 3803953.75, 
        "Cost": 1827483.04 
    },
    {
        "Date": "6/29/2013", 
        "Revenue": 3749147.69, 
        "Cost": 1729439.23 
    },
    {
        "Date": "6/30/2013", 
        "Revenue": 3784917.64, 
        "Cost": 1759307.38 
    }]
}